@misc{soltan2018protecting,
      title={Protecting the Grid against IoT Botnets of High-Wattage Devices}, 
      author={Saleh Soltan and Prateek Mittal and H. Vincent Poor},
      year={2018},
      eprint={1808.03826},
      archivePrefix={arXiv},
      primaryClass={cs.SY}
}
@inproceedings {280016,
author = {Tohid Shekari and Alvaro A. Cardenas and Raheem Beyah},
title = {{MaDIoT} 2.0: Modern {High-Wattage} {IoT} Botnet Attacks and Defenses},
booktitle = {31st USENIX Security Symposium (USENIX Security 22)},
year = {2022},
isbn = {978-1-939133-31-1},
address = {Boston, MA},
pages = {3539--3556},
url = {https://www.usenix.org/conference/usenixsecurity22/presentation/shekari},
publisher = {USENIX Association},
month = aug
}
@article{huang2019protecting,
  title={Protecting Power Grids Against IoT Botnets of High Wattage Devices},
  author={Huang, Lin, Jiang, Wei and Xie, Le},
  journal={IEEE Transactions on Smart Grid},
  volume={10},
  number={5},
  pages={5567--5576},
  year={2019},
  publisher={IEEE}
}
@misc{ieee_39_bus_system,
  title = {{IEEE} 39-Bus System},
  year = {2020},
  howpublished = {\url{https://icseg.iti.illinois.edu/ieee-39-bus-system/}},
  note = {[Online; accessed 31-May-2024]}
}
@article{Confronting_the_Threat,
author = {Rodríguez-Pérez, Néstor and Matanza, Javier and Sigrist, Lukas and Torres, Jose and López, Gregorio},
year = {2023},
month = {11},
pages = {7732},
title = {Confronting the Threat: Analysis of the Impact of MaDIoT Attacks in Two Power System Models},
volume = {16},
journal = {Energies},
doi = {10.3390/en16237732}
}

@inproceedings{inproceedings,
author = {Dabrowski, Adrian and Ullrich, Johanna and Weippl, Edgar},
year = {2017},
month = {12},
pages = {303-314},
title = {Grid Shock: Coordinated Load-Changing Attacks on Power Grids: The Non-Smart Power Grid is Vulnerable to Cyber Attacks as Well},
doi = {10.1145/3134600.3134639}
}
@misc{wooding2023formal,
      title={Formal Control of New England 39-Bus Test System: An Assume-Guarantee Approach}, 
      author={Ben Wooding and Abolfazl Lavaei and Sadegh Soudjani},
      year={2023},
      eprint={2307.03467},
      archivePrefix={arXiv},
      primaryClass={eess.SY}
}
@article{Rodriguez-Perez-confronting-thread,
  author    = {N\'estor Rodr\'iguez-P\'erez and Gregorio L\'opez L\'opez and Javier Matanza Domingo and Lukas Sigrist and Jose Luis Rueda Torres},
  title     = {Confronting the Threat: Analysis of the Impact of MaDIoT Attacks in Two Power System Models},
  journal   = {Journal of Power Systems},
  note      = {Correspondence: nestor.rodriguez@iit.comillas.edu}
}
